
@book{
    book_2015_ethical-it-innovation_ethical-uses-of-information-and-knowledge,
    title = {Ethical {IT} {Innovation}},
    subtitle = {{A} {Value}-{Based} {System} {Design} {Approach}},
    isbn = {978-1-4822-2635-5},
    url = {https://www.crcpress.com/Ethical-IT-Innovation-A-Value-Based-System-Design-Approach/Spiekermann/p/book/9781482226355},
    publisher = {CRC Press; Taylor \& Francis Group, LLC},
    author = {Spiekermann, Sarah},
    chapter = {5.6},
    pages = {66--72},
    month = dec,
    year = {2015},
    file = {Ethical-IT-innovation--a-value-based-system-design-approach_2016_Spiekermann-Sarah_CRC-Press.pdf:/Users/lucendio/Library/Application Support/Firefox/Profiles/1hh9u0js.default/zotero/storage/NGI4TTAX/Ethical-IT-innovation--a-value-based-system-design-approach_2016_Spiekermann-Sarah_CRC-Press.pdf:application/pdf}
}


@book{
    book-chapter_1999_Principles-of-knowledge-discovery-in-databases_introduction-to-data-mining,
    title = {Principles of knowledge discovery in databases},
    url = {https://webdocs.cs.ualberta.ca/~zaiane/courses/cmput690/notes/Chapter1/},
    pages = {1--2},
    chapter = {1},
    journaltitle = {Department of Computing Science, University of Alberta},
    author = {Za√Øane, Osmar R},
    urldate = {2016-11-13},
    date = {1999},
    file = {book-chapter_1999_Principles-of-knowledge-discovery-in-databases--introduction-to-data-mining.pdf:/Users/lucendio/Library/Application Support/Firefox/Profiles/1hh9u0js.default/zotero/storage/GBC9H8HN/book-chapter_1999_Principles-of-knowledge-discovery-in-databases--introduction-to-data-mining.pdf:application/pdf}
}
