
@online{
    graphic_2012_personal-data-ecosystem,
    title = {Personal Data Ecosystem},
    url = {https://www.ftc.gov/sites/default/files/documents/public_events/exploring-privacy-roundtable-series/personaldataecosystem.pdf},
    author = {Federal Trade Commission USA},
    year = {2012},
    month = {March},
    abstract = {The graphics showing data collector's and broker's topics of interests about an individual and visualizing how such data gets aggregated and used for},
    urldate = {2016-11-17},
    journal = {Protecting Consumer Privacy in an Era of Rapid Change - Recommendations for Business and Policymakers - FTC Report}
}

@online{
    graphic_2014_data-collection-online-and-offline,
    title = {Data Collection Online & Offline (Exhibit 1)},
    subtitle = {As consumers go about their business, data brokers may collect information about them.},
    url = {https://www.ftc.gov/sites/default/files/documents/public_events/exploring-privacy-roundtable-series/personaldataecosystem.pdf},
    author = {Federal Trade Commission USA},
    year = {2014},
    month = {May},
    page = {2},
    urldate = {2016-11-17},
    journal = {Data Brokers - A Call for Transparency and Accountability - FTC Report}
}

@online{
    graphic_2014_data-collection-online-and-offline,
    title = {Revenue of nine Data Brokers by Product Category (Exhibit 3)},
    subtitle = {As consumers go about their business, data brokers may collect information about them.},
    url = {https://www.ftc.gov/sites/default/files/documents/public_events/exploring-privacy-roundtable-series/personaldataecosystem.pdf},
    author = {Federal Trade Commission USA},
    year = {2014},
    month = {May},
    page = {2},
    urldate = {2016-11-17},
    journal = {Data Brokers - A Call for Transparency and Accountability - FTC Report}
}
