
@unpublished{
    slides_2015_meeco-case-study,
    title = {Online adver{\textgreater}sing â€“ Booming or Broken?},
    url = {https://meeco.me/assets/pdf/Meeco_Case_Study_Online_Advertising-Booming_or_Broken_Sept_2015.pdf},
    shorttitle = {Meeco Case Study},
    author = {Page, Mike},
    date = {2015-09},
    file = {Meeco_Case_Study_Online_Advertising-Booming_or_Broken_Sept_2015.pdf:/Users/lucendio/Library/Application Support/Firefox/Profiles/1hh9u0js.default/zotero/storage/T9WWBQHH/Meeco_Case_Study_Online_Advertising-Booming_or_Broken_Sept_2015.pdf:application/pdf}
}
