
@article{
    data-collection-for-climate-changes_2014,
    title = {Data {Collection} for the {Study} on {Climate} {Change} and {Migration} in the {MENA} {Region}},
    url = {https://mpra.ub.uni-muenchen.de/56929/},
    urldate = {2016-11-04},
    author = {Burger, Nicholas and Ghosh-Dastidar, Bonnie and Grant, Audra and Joseph, George and Ruder, Teague and Tchakeva, Olesya and Wodon, Quentin},
    year = {2014}
}

@article{
    the-practice-of-predictive-analytics-in-healthcare_2013,
    title = {The {Practice} of {Predictive} {Analytics} in {Healthcare}},
    url = {https://www.researchgate.net/publication/236336250_The_Practice_of_Predictive_Analytics_in_Healthcare},
    abstract = {Problems such as inaccurate diagnoses and poor drug-adherence pose challenges to individual health and safety. These challenges are now being alleviated, if not completely eradicated, with big...},
    urldate = {2016-11-05},
    journal = {ResearchGate},
    author = {Palem, Gopalakrishna},
    month = apr,
    year = {2013},
    file = {Full Text PDF:/Users/lucendio/Library/Application Support/Firefox/Profiles/1hh9u0js.default/zotero/storage/ZWJZ84FR/Palem - 2013 - The Practice of Predictive Analytics in Healthcare.pdf:application/pdf}
}

@article{
    estimating-the-locations-of-emergency-events-from-twitter-streams_2014,
    title = {Estimating the {Locations} of {Emergency} {Events} from {Twitter} {Streams}},
    volume = {31},
    issn = {18770509},
    url = {http://linkinghub.elsevier.com/retrieve/pii/S1877050914004980},
    doi = {10.1016/j.procs.2014.05.321},
    language = {en},
    urldate = {2016-11-05},
    journal = {Procedia Computer Science},
    author = {Ao, Ji and Zhang, Peng and Cao, Yanan},
    year = {2014},
    pages = {731--739},
    file = {Estimating-the-Locations-of-Emergency-Events-from-Twitter-Streams_2014.pdf:/Users/lucendio/Library/Application Support/Firefox/Profiles/1hh9u0js.default/zotero/storage/GIWM9CRI/Estimating-the-Locations-of-Emergency-Events-from-Twitter-Streams_2014.pdf:application/pdf}
}
