
@incollection{
    web_spec_rest,
    title = {Representational State Transfer ({REST})},
    url = {https://www.ics.uci.edu/~fielding/pubs/dissertation/fielding_dissertation.pdf},
    booktitle = {Architectural Styles and the Design of Network-based Software Architectures},
    institution = {University of California, Irvine},
    author = {Fielding, Thomas},
    chapter = {5},
    pages = {76-106},
    date = {2000},
    type = {Dissertation}
}

@online{
    web_spec_json-web-signature,
    title = {{JSON} Web Signature ({JWS})},
    url = {https://tools.ietf.org/html/rfc7515},
    author = {Bradley, John and Sakimura, Nat and Jones, Michael},
    meta = {Request for Comments: 7515},
    date = {2015-05},
    urldate = {2016-12-17}
}

@online{
    web_spec_json-web-token,
    title = {{JSON} Web Token ({JWT})},
    url = {https://tools.ietf.org/html/rfc7519},
    author = {Bradley, John and Sakimura, Nat and Jones, Michael},
    meta = {Request for Comments: 7519},
    date = {2015-05},
    urldate = {2016-12-17}
}

@online{
    web_spec_json-web-encryption,
    title = {{JSON} Web Encryption ({JWE})},
    url = {https://tools.ietf.org/html/rfc7516},
    author = {Hildebrand, Joe and Jones, Michael},
    meta = {Request for Comments: 7516},
    date = {2015-05},
    urldate = {2016-12-17}
}

@online{
    web_spec_http2,
    title = {Hypertext Transfer Protocol Version 2 ({HTTP}/2)},
    url = {https://tools.ietf.org/html/rfc7540},
    author = {Belshe, Mike and Thomson, Martin and Peon, Roberto},
    meta = {Request for Comments: 7540},
    date = {2015-05},
    urldate = {2016-12-17}
}

@online{
    web_spec_http1,
    title = {Hypertext Transfer Protocol -- {HTTP}/1.1},
    url = {https://tools.ietf.org/html/rfc2616},
    author = {Leach, Paul J. and Berners-Lee, Tim and Mogul, Jeffrey C. and Masinter, Larry and Fielding, Roy T. and Gettys, James},
    meta = {Request for Comments: 2616},
    date = {1999-06},
    urldate = {2016-12-17}
}

@online{
    web_spec_tls,
    title = {The Transport Layer Security ({TLS}) Protocol Version 1.2},
    url = {https://tools.ietf.org/html/rfc5246},
    author = {Dierks, Tim and Rescorla, E.},
    meta = {Request for Comments: 5246},
    date = {2008-08},
    urldate = {2016-12-17}
}

@online{
    web_spec_websockets,
    title = {The {WebSocket} Protocol},
    url = {https://tools.ietf.org/html/rfc6455},
    author = {Fette, Ian and Melnikov, A.},
    meta = {Request for Comments: 6455},
    date = {2011-12},
    urldate = {2016-12-17}
}

@misc{
    web_spec_json,
    title = {The {JSON} Data Interchange Format},
    url = {http://www.ecma-international.org/publications/files/ECMA-ST/ECMA-404.pdf},
    shorttitle = {{ECMA}-404 Standard},
    publisher = {{ECMA} International},
    author = {Crockford, Douglas},
    date = {2013-10},
    note = {{OCLC}: 828710983},
    file = {spec_2013_ecma-404_the-json-data-interchange format.pdf:/Users/lucendio/Library/Application Support/Firefox/Profiles/1hh9u0js.default/zotero/storage/87E59AUG/spec_2013_ecma-404_the-json-data-interchange format.pdf:application/pdf}
}

@online{
    web_rfc_json,
    title = {The {JavaScript} Object Notation ({JSON}) Data Interchange Format},
    url = {https://tools.ietf.org/html/rfc7159},
    author = {Bray, T.},
    meta = {Request for Comments: 7159},
    date = {2014-03},
    urldate = {2016-12-17}
}

@online{
    web_spec_oauth-1a,
    title = {{OAuth} Core 1.0a},
    url = {https://oauth.net/core/1.0a/},
    urldate = {2016-12-18},
    file = {OAuth Core 1.0a:/Users/lucendio/Library/Application Support/Firefox/Profiles/1hh9u0js.default/zotero/storage/WKGUMHS3/1.html:text/html}
}

@online{
    web_spec_oauth-2,
    title = {The {OAuth} 2.0 Authorization Framework},
    url = {https://tools.ietf.org/html/rfc6749},
    author = {Hardt, Dick},
    meta = {Request for Comments: 6749},
    date = {2012-10},
    urldate = {2016-12-18}
}

@online{
    web_spec_openid-connect-1,
    title = {{OpenID} Connect Core 1.0 incorporating errata set 1},
    url = {https://openid.net/specs/openid-connect-core-1_0.html},
    authors = {Sakimura, N. and Bradley, J. and Jones, M. and de Medeiros, B. and Mortimore, C.},
    date = {2014-11-08},
    urldate = {2016-12-17}
}

@online{
    web_spec_graphql,
    title = {{GraphQL}},
    url = {https://facebook.github.io/graphql/},
    state = {working draft},
    date = {2016-10},
    publisher = {Facebook, Inc.},
    urldate = {2016-12-17},
    file = {GraphQL:/Users/lucendio/Library/Application Support/Firefox/Profiles/1hh9u0js.default/zotero/storage/2HBP6SUD/graphql.html:text/html}
}

@online{
    web_spec_solid,
    title = {Solid Specification},
    url = {https://github.com/solid/solid-spec},
    version = {0.6.1},
    abstract = {Solid (derived from "social linked data") is a proposed set of conventions and tools for building decentralized social applications based on Linked Data principles. Solid is modular and extensible. It relies as much as possible on existing W3C standards and protocols.},
    date = {2016-03-03},
    urldate = {2016-12-17}
}
