
@inproceedings{
    study_2004_architecture-for-privacy-sensitive-ubiquitous-computing,
    title = {An architecture for privacy-sensitive ubiquitous computing},
    url = {http://dl.acm.org/citation.cfm?id=990087},
    pages = {177--189},
    booktitle = {Proceedings of the 2nd international conference on Mobile systems, applications, and services},
    publisher = {{ACM}},
    author = {Hong, Jason I. and Landay, James A.},
    urldate = {2017-02-02},
    date = {2004},
    file = {An-architecture-for-privacy-sensitive-ubiquitous-computing_2004.pdf:/Users/lucendio/Library/Application Support/Firefox/Profiles/1hh9u0js.default/zotero/storage/SR7NTCCZ/An-architecture-for-privacy-sensitive-ubiquitous-computing_2004.pdf:application/pdf}
}
